@Misc{pu_zakon,
  title = {Zákon č. 139/2002 Sb. o pozemkových úpravách a pozemkových úřadech},
}

@Online{metodicky_navrh,
  key =	{Metodický návod k provádění PÚ},
  title = {Metodický návod k provádění PÚ},
  cited = {2017-03-18},
  url = {https://goo.gl/SJALVd},
}

@Book{pu_cr,
  title = {Pozemkové úpravy},
  author = {Zdeněk BURIAN},
  address = {Praha},
  publisher = {Consult},
  year = {2011},
  isbn = {978-80-903482-8-8},
}

@Book{pu_skripta,
  title = {Pozemkové úpravy},
  author = {Josef VLASÁK and Kateřina BARTOŠKOVÁ},
  address = {Praha},
  publisher = {Nakladatelství ČVUT},
  year = {2007},
  isbn = {978-80--01-03609-9},
}





